@techreport{ fruchtermann90force-directed,
	author = "T. Fruchtermann and S. Kawai",
	title = "Graph Drawing by Force-directed Placement",
	institution = "Department of Computer Science, University of Illinois at Urbana-Champagne",
	year = "1990"
}

@inproceedings{ davidson01noise,
	author = "George S. Davidson and Brian N. Wylie and Kevin W. Boyack",
	title = "Cluster Stability and the Use of Noise in Interpretation of Clustering",
	booktitle = "Proc. IEEE Symposium on Information Visualization",
	year = "2001"
}


