@techreport{ cowling02fast,
	author = "James Cowling",
	title = "WilmaScope Fast Layout Engine Product Development Report",
	institution = "School of Information Technologies, The University of Sydney",
	year = "2002",
	note = "\\ \url{http://www.wilmascope.org/FastlayoutReport.pdf}"
}
@misc{ dwyer2k,
  author       = "Tim Dwyer",
  title = "Three dimensional {U}{M}{L} using force directed layout",
  howpublished         = "\\ Honours Thesis, {U}nivesity of {M}elbourne",
  year = "2000",
  note = {\\ \url{http://www.wilmascope.org/theses/dwyer2k.ps.gz}}
}

@inproceedings{ dwyer013D-UML,
  author = "Tim Dwyer",
  title = "{3D UML Using Force Directed Layout}",
  booktitle = "Proc. Australian Symposium on Information Visualisation",
  year = "2001",
  note = {\\ \url{http://www.wilmascope.org/3DUML-dwyer.pdf}}
}

@misc{ eckersley2kclassiscope,
	author = "Peter Eckersley",
	title = "Classiscope: Building Better Magnets for the Web Haystack",
	howpublished = "Honours Thesis, Department of Computer Science \& Software
	Engineering, University of Melbourne",
	year = "2000",
	note = "\\ \url{http://www.cs.mu.oz.au/\textasciitilde pde/hons/thesis.pdf}"
}

@techreport{ marshall00object,
	author = "I. Herman and M.S. Marshall and G. Melan\c{c}on",
	title = "An object-oriented design for graph visualization",
	institution = "Centrum voor Wiskunde en Informatica: CWI Netherlands",
	year = "2000"
}

@techreport{ fruchtermann90force-directed,
	author = "T. Fruchtermann and E. Rheingold",
	title = "Graph Drawing by Force-directed Placement",
	institution = "Department of Computer Science, University of Illinois at Urbana-Champagne",
	year = "1990"
}
@Book{gamma94design,
  author = {Erich Gamma and Richard Helm and Ralph Johnson and John Vlissides},
  title = {Design Patterns, Elements of Reusable Object-Oriented Software},
  publisher = {Addison-Wesley Publishing Company, Reading, Massachesetts},
  year = {1994}
}


@inproceedings{ davidson01noise,
	author = "George S. Davidson and Brian N. Wylie and Kevin W. Boyack",
	title = "Cluster Stability and the Use of Noise in Interpretation of Clustering",
	booktitle = "Proc. IEEE Symposium on Information Visualization",
	year = "2001"
}

@misc{ stallman92why,
	author = "Richard M. Stallman",
	title = "Why Software Should Be Free",
	howpublished = "Free Software Foundation",
	year = "1992",
	note = "\\ \url{http://www.gnu.org/philosophy/shouldbefree.html}"
}
@inproceedings{ walshaw00multilevel,
    author = "C. Walshaw",
    title = "A Multilevel Algorithm for Force-Directed Graph Drawing",
    booktitle = "Proc. 8th Int. Symp. Graph Drawing, {GD}",
    volume = "1984",
    month = "20--23~",
    publisher = "Springer-Verlag",
    editor = "Joe Marks",
    isbn = "3-540-41554-8",
    pages = "171--182",
    year = "2000",
    url = "citeseer.nj.nec.com/article/walshaw00multilevel.html" 
}
