@inproceedings{ davidson01noise,
	author = "George S. Davidson and Brian N. Wylie and Kevin W. Boyack",
	title = "Cluster Stability and the Use of Noise in Interpretation of Clustering",
	booktitle = "Proc. IEEE Symposium on Information Visualization",
	year = "2001"
}


